@Article{Moller,
	author = {M\"{o}ller, Tomas and Trumbore, Ben},
	title = {Fast, Minimum Storage Ray-triangle Intersection},
	journal = {J. Graph. Tools},
	issue_date = {1997},
	volume = {2},
	number = {1},
	month = {10},
	year = {1997},
	issn = {1086-7651},
	pages = {21--28},
	numpages = {8},
	url = {http://dx.doi.org/10.1080/10867651.1997.10487468},
	doi = {10.1080/10867651.1997.10487468},
	acmid = {272315},
	publisher = {A. K. Peters, Ltd.},
}

@Article{RayTriangle,
	author = {Jim{\'e}nez, Juan J. and Segura, Rafael J. and Feito, Francisco R.},
	title = {A Robust Segment/Triangle Intersection Algorithm for Interference Tests. Efficiency Study},
	journal = {Comput. Geom. Theory Appl.},
	issue_date = {July, 2010},
	volume = {43},
	number = {5},
	month = {07},
	year = {2010},
	issn = {0925-7721},
	pages = {474--492},
	numpages = {19},
	url = {http://dx.doi.org/10.1016/j.comgeo.2009.10.001},
	doi = {10.1016/j.comgeo.2009.10.001},
	acmid = {1710465},
	publisher = {Elsevier Science Publishers B. V.},
	address = {Amsterdam, The Netherlands, The Netherlands},
}

@Article{Swift,
	author = { A. J. C. Schmeitz  and  I. J. M.   Besselink  and  S. T. H.   Jansen },
	title = {TNO MF-SWIFT},
	journal = {Vehicle System Dynamics},
	volume = {45},
	number = {sup1},
	pages = {121-137},
	year  = {2007},
	publisher = {Taylor & Francis},
	doi = {10.1080/00423110701725208},
	URL = {https://doi.org/10.1080/00423110701725208},
	eprint = {https://doi.org/10.1080/00423110701725208}
}

@PhdThesis{Schmeitz,
	author = { A. J. C. Schmeitz },
	title = {A semi-empirical, three-dimensional, tyre model for rolling over arbitrary road unevennesses},
	school = {Technische Universiteit Delft},
	year = {2004},
}

@thesis{Larcher,
	author = {Matteo Larcher},
	title = {Development of a 14 Degrees of Freedom Vehicle Model for Realtime Simulations in 3D
	Environment},
	type = {Master Thesis},
	institution = {University of Trento},
	date = {October 23, 2019}
}

@Article{Anu,
	author = {Anu Maria},
	title = {Introduction to modeling and simulation},
	journal = {Winter simulation
	conference},
	volume = {29},
	month = {01},
	year = {1997},
	pages = {7--13},
}

@Article{impacts,
	author = {Karel A. Brookhuis, Dick De Waard, and Wiel H. Janssen},
	title = {Behavioural impacts of	advanced driver assistance systemsâ€“an overview},
	journal = {European Journal of Transport and Infrastructure Research 1.3},
	year = {2019}
}

@book{rill,
	author = {Georg Rill},
	title = {Road vehicle dynamics: fundamentals and modeling},
	date = {2011},
	OPTeditor = {Crc Press}
}

@book{hans,
	author = {Hans Pacejka},
	title = {Tire and vehicle dynamics, 3rd Edition},
	date = {2012},
	OPTeditor = {Elsevier}
}

@article{bakker,
	ISSN = {0096736X},
	author = {Egbert Bakker, Lars Nyborg and Hans B. Pacejka},
	journal = {SAE Transactions},
	pages = {190--204},
	publisher = {SAE International},
	title = {Tyre Modelling for Use in Vehicle Dynamics Studies},
	volume = {96},
	year = {1987}
}